<?xml version="1.0" encoding="UTF-8"?><collection xmlns="http://www.loc.gov/MARC21/slim"><record><leader>00526nam--2200169-i-4500</leader><controlfield tag="001">000020386</controlfield><controlfield tag="002">20161230</controlfield><controlfield tag="005">20161230201033</controlfield><controlfield tag="008">060222s1000------------r-----000-0-eng-d</controlfield><datafield ind1=" " ind2=" " tag="040"><subfield code="a">IFIN-HH</subfield></datafield><datafield ind1=" " ind2=" " tag="080"><subfield code="a">537.533.35</subfield></datafield><datafield ind1="1" ind2=" " tag="110"><subfield code="a">Royal Society</subfield></datafield><datafield ind1="1" ind2="0" tag="245"><subfield code="a">The electron microscopy and composition of biological membranes and envelopes</subfield><subfield code="b">A royal society discussion organized by r.markham, r.w.horne and marian hicks</subfield></datafield><datafield ind1=" " ind2=" " tag="260"><subfield code="a">London</subfield><subfield code="c">1974</subfield></datafield><datafield ind1=" " ind2=" " tag="300"><subfield code="a">159 P</subfield></datafield><datafield ind1=" " ind2=" " tag="852"><subfield code="a">76784</subfield><subfield code="c">537.533.35</subfield></datafield><datafield ind1=" " ind2=" " tag="CAT"><subfield code="a">Sys</subfield><subfield code="c">20110915</subfield><subfield code="h">100830</subfield></datafield></record></collection>